<?xml version="1.0" encoding="UTF-8"?><collection xmlns="http://www.loc.gov/MARC21/slim"><record><leader>00543nam--2200193-i-4500</leader><controlfield tag="001">000016554</controlfield><controlfield tag="002">20161230</controlfield><controlfield tag="005">20161230201031</controlfield><controlfield tag="008">060222s1000------------r-----000-0-rum-d</controlfield><datafield ind1=" " ind2=" " tag="040"><subfield code="a">IFIN-HH</subfield></datafield><datafield ind1=" " ind2=" " tag="041"><subfield code="a">rum</subfield></datafield><datafield ind1=" " ind2=" " tag="080"><subfield code="a">539.172.17(043)</subfield></datafield><datafield ind1="1" ind2=" " tag="100"><subfield code="a">Ciortea, Constantin</subfield></datafield><datafield ind1="1" ind2="0" tag="245"><subfield code="a">Asupra proceselor de ciocniri atomice la impact mici</subfield><subfield code="b">Teza</subfield><subfield code="c">Constantin ciortea</subfield></datafield><datafield ind1=" " ind2=" " tag="260"><subfield code="a">Bucuresti</subfield><subfield code="b">Ifin-hh</subfield><subfield code="c">1995</subfield></datafield><datafield ind1=" " ind2=" " tag="300"><subfield code="a">91 P</subfield></datafield><datafield ind1=" " ind2=" " tag="502"><subfield code="a">Coordonator Stiintific: Dr. Marin Ivascu</subfield></datafield><datafield ind1=" " ind2=" " tag="852"><subfield code="a">80475</subfield><subfield code="c">539.18</subfield></datafield><datafield ind1=" " ind2=" " tag="CAT"><subfield code="a">Sys</subfield><subfield code="c">20120711</subfield><subfield code="h">171709</subfield></datafield></record></collection>